@misc{ wiki:latex,
   author = "Wikipedia",
   title  = "{LaTeX --- Wikipedia{,} Die freie Enzyklop√§die}",
   year   = "2012",
   url    = "http://de.wikipedia.org/w/index.php?title=LaTeX&oldid=110063618",
   note   = "[Online; Stand 2. Dezember 2012]"
 }
 
@Book{kompakt_latex,
  author     = "Reinhard Wonneberger",
  title      = "Kompaktfuehrer LaTe{X}",
  address    = "Bonn",
  year       = "1988",
  descriptor = "LaTeX, TeX",
}

@Book{lamport_latex,
  author    =  "Leslie Lamport",
  title     =   "{{\LaTeX}}",
  publisher =   "Cyfronet",
  address   = "Krak{\'o}w",
  pages     =   "x + 202",
  year      =    "1991",
  bibdate   = "Wed Jun 22 18:19:42 MDT 2005",
  bibsource =   "alpha.bn.org.pl:210/INNOPAC;
                 http://www.math.utah.edu/pub/
                 tex/bib/texbook3.bib",
  note      =    "Polish translation of ``{\LaTeX}: 
                  A Document Preparation System'', 
                  1986, by Piotr Wyrostek.",
  acknowledgement = "Nelson H. F. Beebe, University 
         of Utah, Department
         of Mathematics, 110 LCB, 155 S 1400 E RM 233, Salt Lake
         City, UT 84112-0090, USA, Tel: +1 801 581 5254, FAX: +1
         801 581 4148, e-mail: \path|beebe@math.utah.edu|,
         \path|beebe@acm.org|, \path|beebe@computer.org|
         (Internet), URL:
         \path|http://www.math.utah.edu/~beebe/|",
  language =    "Polish",
  subject  = "LATEX; podr{\k{e}}cznik",
}